<record><leader>00000cas a22000007a 4500</leader><controlfield tag="001">10447684</controlfield><controlfield tag="008">840223d186u1893pauwr ne      0    0eng d</controlfield><datafield ind1=" " ind2=" " tag="010"><subfield code="a">sn 84026386 </subfield></datafield><datafield ind1=" " ind2=" " tag="040"><subfield code="a">NPU</subfield><subfield code="b">eng</subfield><subfield code="c">NPU</subfield><subfield code="d">NPH</subfield><subfield code="d">NPY</subfield><subfield code="d">NPH</subfield><subfield code="d">OCLCQ</subfield></datafield><datafield ind1=" " ind2=" " tag="042"><subfield code="a">msc</subfield></datafield><datafield ind1="0" ind2=" " tag="130"><subfield code="a">Weekly post (Pittsburgh, Pa.)</subfield></datafield><datafield ind1="1" ind2="4" tag="245"><subfield code="a">The weekly post.</subfield></datafield><datafield ind1="3" ind2="0" tag="246"><subfield code="a">Post</subfield></datafield><datafield ind1="3" ind2="0" tag="246"><subfield code="a">Pittsburgh weekly post</subfield></datafield><datafield ind1=" " ind2=" " tag="260"><subfield code="a">Pittsburgh, Pa. :</subfield><subfield code="b">Jas. P. Barr &amp; Co.,</subfield><subfield code="c">-1893.</subfield></datafield><datafield ind1=" " ind2=" " tag="300"><subfield code="a">v. :</subfield><subfield code="b">ill. ;</subfield><subfield code="c">53-58 cm.</subfield></datafield><datafield ind1=" " ind2=" " tag="310"><subfield code="a">Weekly</subfield></datafield><datafield ind1="0" ind2=" " tag="362"><subfield code="a">-Oct. 28, 1893.</subfield></datafield><datafield ind1=" " ind2=" " tag="500"><subfield code="a">Published as: Pittsburgh weekly post, Oct. 18, 1884.</subfield></datafield><datafield ind1=" " ind2=" " tag="500"><subfield code="a">"Weekly" in logo device, 18&lt;90&gt;.</subfield></datafield><datafield ind1=" " ind2=" " tag="500"><subfield code="a">Publisher, 18&lt;90&gt;: Post Printing and Pub. Co.</subfield></datafield><datafield ind1=" " ind2=" " tag="580"><subfield code="a">Daily eds.: Daily post (Pittsburgh, Pa.), Feb. 1, 1864-Oct. 7, 1884; Pittsburgh daily post, Oct. 8, 1884-&lt;Mar. 11&gt; 1887; Post (Pittsburgh, Pa. : 1887 : Daily) &lt;Mar. 16&gt;-Dec. 16, 1887; Pittsburgh post (Pittsburgh, Pa. : 1887 : Daily).</subfield></datafield><datafield ind1=" " ind2=" " tag="588"><subfield code="a">Description based on: Apr. 6, 1867.</subfield></datafield><datafield ind1=" " ind2=" " tag="752"><subfield code="a">United States</subfield><subfield code="b">Pennsylvania</subfield><subfield code="c">Allegheny</subfield><subfield code="d">Pittsburgh.</subfield></datafield><datafield ind1="1" ind2=" " tag="775"><subfield code="t">Daily post (Pittsburgh, Pa.)</subfield><subfield code="w">(DLC)sn 84026387</subfield></datafield><datafield ind1="1" ind2=" " tag="775"><subfield code="t">Pittsburgh daily post</subfield><subfield code="w">(DLC)sn 85054558</subfield></datafield><datafield ind1="1" ind2=" " tag="775"><subfield code="t">Post (Pittsburgh, Pa. : 1887 : Daily)</subfield><subfield code="w">(DLC)sn 85054557</subfield></datafield><datafield ind1="1" ind2=" " tag="775"><subfield code="t">Pittsburgh post (Pittsburgh, Pa. : 1887 : Daily)</subfield><subfield code="w">(DLC)sn 83025916</subfield></datafield><datafield ind1="0" ind2="0" tag="780"><subfield code="t">Saturday morning post</subfield><subfield code="w">(DLC)sn 84026247</subfield></datafield><datafield ind1="0" ind2="0" tag="785"><subfield code="t">Semi-weekly post</subfield><subfield code="w">(DLC)sn 85054561</subfield></datafield></record>